<?xml version="1.0" encoding="UTF-8"?><collection xmlns="http://www.loc.gov/MARC21/slim"><record><leader>00458nam--2200121-i-4500</leader><controlfield tag="001">000047004</controlfield><controlfield tag="002">20161230</controlfield><controlfield tag="005">20161230201046</controlfield><controlfield tag="008">060222s1000------------r-----000-0-eng-d</controlfield><datafield ind1=" " ind2=" " tag="245"><subfield code="a">Elsevier`s dictionary of high vacuum science and technology. in six languages. german-enghlish-french-spanish-italian-russian. compiled and arranged on a german alphabetical basis by ..</subfield></datafield><datafield ind1=" " ind2=" " tag="260"><subfield code="a">Amsterdam, Elsevier Publ.Co., 1968, 539p</subfield></datafield><datafield ind1=" " ind2=" " tag="700"><subfield code="a">Weber,Fritz</subfield></datafield><datafield ind1=" " ind2=" " tag="852"><subfield code="a">D.435</subfield></datafield></record></collection>